%% -*- coding: utf-8 -*-
%% Bibliography template for SciTeX Writer

@article{smith2023nature,
  title={Example research paper demonstrating a novel method},
  author={Smith, John A. and Doe, Jane B.},
  journal={Nature},
  volume={615},
  pages={123--130},
  year={2023},
  doi={10.1038/s41586-023-12345-6}
}

@article{wilson2022science,
  title={Foundational work in the field},
  author={Wilson, Alice M. and Brown, David K.},
  journal={Science},
  volume={380},
  pages={456--461},
  year={2022},
  doi={10.1126/science.abc1234}
}

@book{jones2020textbook,
  title={Comprehensive Textbook on Research Methods},
  author={Jones, Emily F.},
  publisher={Academic Press},
  year={2020},
  edition={4th}
}
