bib_files/bibliography.bib